<?xml version="1.0" encoding="UTF-8"?>
<record xmlns="http://www.loc.gov/MARC21/slim">
   <leader>02086nas a22004697a 4500</leader>
   <controlfield tag="001">000022853702</controlfield>
   <controlfield tag="003">CaOOAMICUS</controlfield>
   <controlfield tag="005">20000207142255.0</controlfield>
   <controlfield tag="008">991223c19999999abcar4   s   s0   a0eng  </controlfield>
   <datafield tag="016" ind1=" " ind2=" ">
      <subfield code="a"> 008009791  </subfield>
   </datafield>
   <datafield tag="022" ind1="0" ind2=" ">
      <subfield code="a">1493-4531</subfield>
   </datafield>
   <datafield tag="035" ind1=" " ind2=" ">
      <subfield code="a">(OCoLC)ocm43826675 </subfield>
   </datafield>
   <datafield tag="040" ind1=" " ind2=" ">
      <subfield code="a">CaOONL</subfield>
      <subfield code="b">eng</subfield>
      <subfield code="c">CaOONL</subfield>
   </datafield>
   <datafield tag="042" ind1=" " ind2=" ">
      <subfield code="a">nlc</subfield>
      <subfield code="a">isds/c</subfield>
   </datafield>
   <datafield tag="043" ind1=" " ind2=" ">
      <subfield code="a">n-cn-ab</subfield>
   </datafield>
   <datafield tag="082" ind1="1" ind2=" ">
      <subfield code="a">362.29</subfield>
      <subfield code="2">13</subfield>
   </datafield>
   <datafield tag="210" ind1="0" ind2=" ">
      <subfield code="a">Alta. profile, Soc. health indic. addict.</subfield>
   </datafield>
   <datafield tag="222" ind1=" " ind2="0">
      <subfield code="a">Alberta profile. Social and health indicators of addiction</subfield>
   </datafield>
   <datafield tag="240" ind1="0" ind2="0">
      <subfield code="a">Alberta profile.</subfield>
   </datafield>
   <datafield tag="245" ind1="0" ind2="0">
      <subfield code="a">Alberta profile: Social and health indicators of addiction / Nov 2003</subfield>
      <subfield code="p">Social and health indicators of addiction.</subfield>
   </datafield>
   <datafield tag="246" ind1="1" ind2="7">
      <subfield code="a">AADAC Alberta profile report</subfield>
   </datafield>
   <datafield tag="246" ind1="1" ind2="0">
      <subfield code="a">Social and health indicators of addiction</subfield>
   </datafield>
   <datafield tag="260" ind1=" " ind2=" ">
      <subfield code="a">[Edmonton] :</subfield>
      <subfield code="b">Alberta Alcohol and Drug Abuse Commission,</subfield>
      <subfield code="c">1999-</subfield>
   </datafield>
   <datafield tag="300" ind1=" " ind2=" ">
      <subfield code="a">   v. :</subfield>
      <subfield code="b">ill. ;</subfield>
      <subfield code="c">28 cm.</subfield>
   </datafield>
   <datafield tag="310" ind1=" " ind2=" ">
      <subfield code="a">Irregular.</subfield>
   </datafield>
   <datafield tag="362" ind1="0" ind2=" ">
      <subfield code="a">5th ed. (June 1999)-</subfield>
   </datafield>
   <datafield tag="710" ind1="2" ind2=" ">
      <subfield code="a">Alberta Alcohol and Drug Abuse Commission.</subfield>
   </datafield>
   <datafield tag="780" ind1="0" ind2="0">
      <subfield code="t">Alberta profile, Social and health indicators of alcohol and drug abuse ... update.</subfield>
      <subfield code="d">[Edmonton] : Alberta Alcohol and Drug Abuse Commission, 1996.</subfield>
      <subfield code="x">1484-1940</subfield>
      <subfield code="w">(CaOONL) 988006545  rev</subfield>
      <subfield code="w">(OCoLC)ocm38593239 </subfield>
      <subfield code="w">(OCoLC)ocm38593239 </subfield>
   </datafield>
   <datafield tag="852" ind1=" " ind2=" ">
      <subfield code="9">1</subfield>
      <subfield code="a">CaACU</subfield>
      <subfield code="h">HV5840 .C32 A34 UNANALYZED SERIAL</subfield>
      <subfield code="z">ILL: n.s.</subfield>
   </datafield>
   <datafield tag="852" ind1=" " ind2=" ">
      <subfield code="9">2</subfield>
      <subfield code="a">CaAEE</subfield>
      <subfield code="h">HV 5840 C22 A3 A333; http://www.aadac.com/documents/alberta_profile_social_and_health_indicators_of_addiction.pdf</subfield>
      <subfield code="z">ILL: n.s.</subfield>
   </datafield>
   <datafield tag="852" ind1=" " ind2=" ">
      <subfield code="9">3</subfield>
      <subfield code="a">CaAEU</subfield>
      <subfield code="h">Internet Access; HV 5309 A4 A436; http://www.aadac.com/documents/alberta_profile_social_and_health_indicators_of_addiction.pdf</subfield>
      <subfield code="z">ILL: n.s.</subfield>
   </datafield>
   <datafield tag="852" ind1=" " ind2=" ">
      <subfield code="9">4</subfield>
      <subfield code="a">CaOONL</subfield>
      <subfield code="z">ILL: no</subfield>
   </datafield>
   <datafield tag="866" ind1=" " ind2="0">
      <subfield code="9">4</subfield>
      <subfield code="a">5- 1999-</subfield>
   </datafield>
   <datafield tag="852" ind1=" " ind2=" ">
      <subfield code="9">5</subfield>
      <subfield code="a">CaOWA</subfield>
      <subfield code="h">CA2AL AD.... ..A54</subfield>
      <subfield code="z">ILL: n.s.</subfield>
   </datafield>
   <datafield tag="866" ind1=" " ind2="0">
      <subfield code="9">5</subfield>
      <subfield code="a">5th (1999)-</subfield>
   </datafield>
   <datafield tag="910" ind1="2" ind2=" ">
      <subfield code="a">AADAC.</subfield>
   </datafield>
   <datafield tag="910" ind1="1" ind2=" ">
      <subfield code="a">Alberta.</subfield>
      <subfield code="b">Alberta Community and Occupational Health.</subfield>
      <subfield code="b">Alcohol and Drug Abuse Commission.</subfield>
   </datafield>
   <datafield tag="910" ind1="1" ind2=" ">
      <subfield code="a">Alberta.</subfield>
      <subfield code="b">Alcohol and Drug Abuse Commission.</subfield>
   </datafield>
   <datafield tag="910" ind1="2" ind2=" ">
      <subfield code="a">Commission albertaine contre l'alcool et les toxicomanies.</subfield>
   </datafield>
   <datafield tag="990" ind1="1" ind2="0">
      <subfield code="a">91001a</subfield>
      <subfield code="b">71001a</subfield>
   </datafield>
   <datafield tag="990" ind1="1" ind2="0">
      <subfield code="a">91002abb</subfield>
      <subfield code="b">71001a</subfield>
   </datafield>
   <datafield tag="990" ind1="1" ind2="0">
      <subfield code="a">91003ab</subfield>
      <subfield code="b">71001a</subfield>
   </datafield>
   <datafield tag="990" ind1="0" ind2="1">
      <subfield code="a">91004a</subfield>
      <subfield code="b">71001a</subfield>
   </datafield>
</record>
